
@article{hopper_compiling_1988,
  author  = {Grace Murray Hopper},
  title   = {Compiling Routines},
  journal = {Annals of the History of Computing},
  volume  = {9},
  number  = {3/4},
  year    = {1988},
  pages   = {279--281},
  note    = {Originally published as a Navy report in 1951},
}

@inproceedings{hopper_automatic_1955,
  author    = {Grace Hopper},
  title     = {Automatic Coding for Digital Computers},
  booktitle = {Proceedings of the Symposium on the Mechanization of Thought Processes},
  year      = {1955},
  pages     = {152--161},
  address   = {London, UK},
  publisher = {Her Majesty's Stationery Office},
}

@inproceedings{hopper_education_1952,
  author    = {Grace Murray Hopper},
  title     = {The Education of a Computer},
  booktitle = {Proceedings of the ACM National Meeting},
  year      = {1952},
  pages     = {243--249},
  publisher = {ACM},
}

@techreport{hopper_compiling_1951,
  author      = {Grace M. Hopper},
  title       = {Compiling Routines},
  institution = {Office of Naval Research, Department of the Navy},
  year        = {1951},
  number      = {NR 384-102},
  note        = {Later reprinted in *Annals of the History of Computing*, 1988},
}