@misc{a0_compiler,
  title = {A-0 Compiler},
  howpublished = {Developed by Grace Hopper and her team at Remington Rand},
  url = {https://en.wikipedia.org/wiki/A-0_System},
  date = {1952},
  note = {One of the first compiler systems, converting symbolic mathematical code into machine code. Considered a foundational step toward high-level programming languages.}
}

@misc{cobol,
  title = {COBOL (Common Business-Oriented Language)},
  howpublished = {Designed under the CODASYL committee with major contributions from Grace Hopper},
  url = {https://en.wikipedia.org/wiki/COBOL},
  date = {1959},
  note = {One of the first high-level programming languages, designed for business computing. Grace Hopper played a key role in its creation and standardization.}
}
